<record><leader>00000cas a22000007a 4500</leader><controlfield tag="001">18343247</controlfield><controlfield tag="008">880811d1uuu191uaruwr ne      0    0eng d</controlfield><datafield ind1=" " ind2=" " tag="010"><subfield code="a">sn 88051050 </subfield></datafield><datafield ind1=" " ind2=" " tag="040"><subfield code="a">ANU</subfield><subfield code="b">eng</subfield><subfield code="c">ANU</subfield><subfield code="d">OCLCQ</subfield></datafield><datafield ind1=" " ind2=" " tag="042"><subfield code="a">msc</subfield></datafield><datafield ind1="0" ind2=" " tag="130"><subfield code="a">Benton County sun (Bentonville, Ark. : 1907)</subfield></datafield><datafield ind1="1" ind2="4" tag="245"><subfield code="a">The Benton County sun.</subfield></datafield><datafield ind1=" " ind2=" " tag="260"><subfield code="a">Bentonville, Benton County, Ark. :</subfield><subfield code="b">Sun Print. Co.</subfield></datafield><datafield ind1=" " ind2=" " tag="300"><subfield code="a">v.</subfield></datafield><datafield ind1=" " ind2=" " tag="310"><subfield code="a">Weekly</subfield></datafield><datafield ind1=" " ind2=" " tag="588"><subfield code="a">Description based on: Vol. 17, no. 2 (Mar. 14, 1907).</subfield></datafield><datafield ind1=" " ind2=" " tag="752"><subfield code="a">United States</subfield><subfield code="b">Arkansas</subfield><subfield code="c">Benton</subfield><subfield code="d">Bentonville.</subfield></datafield><datafield ind1="0" ind2="0" tag="780"><subfield code="t">Bentonville sun</subfield><subfield code="w">(DLC)sn 88051051</subfield></datafield><datafield ind1="0" ind2="7" tag="785"><subfield code="t">Benton County record</subfield></datafield><datafield ind1="0" ind2="7" tag="785"><subfield code="t">Benton County record and the Benton County sun (Bentonville, Ark. : 1919)</subfield><subfield code="w">(DLC)sn 88051056</subfield></datafield></record>